@book{lamport1994latex,
  author    = {Leslie Lamport},
  title     = {{LaTeX: A Document Preparation System}},
  publisher = {Addison-Wesley},
  year      = {1994},
  edition   = {2nd},
  address   = {Boston, MA},
  isbn      = {978-0201529838},
  url       = {https://latex-project.org/},
  note      = {An excellent introduction to LaTeX.}
}

@article{einstein1905special,
  author    = {Albert Einstein},
  title     = {Zur Elektrodynamik bewegter K{\"o}rper},
  journal   = {Annalen der Physik},
  volume    = {322},
  number    = {10},
  pages     = {891--921},
  year      = {1905},
  doi       = {10.1002/andp.19053221004},
  note      = {This paper introduces the theory of special relativity.}
}

@misc{knuthwebsite,
  author       = {Donald E. Knuth},
  title        = {Knuth: Computers and Typesetting},
  howpublished = {\url{http://www-cs-faculty.stanford.edu/~knuth/}},
  note         = {Accessed: 2025-01-01}
}

@inproceedings{turing1936computable,
  author    = {Alan M. Turing},
  title     = {On Computable Numbers, with an Application to the Entscheidungsproblem},
  booktitle = {Proceedings of the London Mathematical Society},
  volume    = {s2-42},
  number    = {1},
  pages     = {230--265},
  year      = {1936},
  doi       = {10.1112/plms/s2-42.1.230},
  note      = {A landmark paper in computer science.}
}

@Book{黄宗羲明末清初,
  author    = {黄宗羲 (明末清初, 1610-1695)},
  publisher = {上海古籍出版社版},
  title     = {明儒学案·师说·师说},
  year      = {1676},
}