@online{LiWenwei,
  author    = {Li Wen-Wei},
  title     = {{AlJabr-1}},
  publisher = {Github},
  year      = {2024},
  edition   = {2nd},
  url   = {https://github.com/wenweili/AlJabr-1},
}

@online{circuitikz,
  author    = {Massimo A. Redaelli and Stefan Lindner and Stefan Erhardt and Romano Giannetti},
  title     = {{Circuitikz}},
  journal   = {LaTeX},
  year      = {2024},
  url       = {https://github.com/circuitikz/circuitikz},
}

@online{tikzcd,
  author       = {Thomas Wasserman},
  title        = {{tikzcd: Commutative diagrams with TikZ}},
  year         = {2024},
  url          = {https://ctan.math.washington.edu/tex-archive/graphics/pgf/contrib/tikz-cd/tikz-cd-doc.pdf},
}

@online{chemfig,
  author    = {Christian Tellechea},
  title     = {{chemfig: A TeX package for drawing molecules}},
  year      = {2024},
  url       = {https://ctan.org/pkg/chemfig},
}

@online{deadPhy,
  author    = {NÃ­ckolas Alves},
  title     = {Dead Physicists Society Presentation Template},
  year      = {2019},
  url       = {https://www.overleaf.com/latex/templates/dead-physicists-society-presentation-template/zqmtrkmgxzqz},
}