@online{LiWenwei,
  author    = {Li Wen-Wei},
  title     = {{AlJabr-1}},
  publisher = {Github},
  year      = {2024},
  edition   = {2nd},
  url   = {https://github.com/wenweili/AlJabr-1},
}

@online{circuitikz,
  author    = {Massimo A. Redaelli and Stefan Lindner and Stefan Erhardt and Romano Giannetti},
  title     = {{Circuitikz}},
  journal   = {LaTeX},
  year      = {2024},
  url       = {https://github.com/circuitikz/circuitikz},
}

@online{tikzcd,
  author       = {Thomas Wasserman},
  title        = {{tikzcd: Commutative diagrams with TikZ}},
  year         = {2024},
  url          = {https://ctan.math.washington.edu/tex-archive/graphics/pgf/contrib/tikz-cd/tikz-cd-doc.pdf},
}

@online{chemfig,
  author    = {Christian Tellechea},
  title     = {{chemfig: A TeX package for drawing molecules}},
  year      = {2024},
  url       = {https://ctan.org/pkg/chemfig},
}

@book{lamport1994latex,
  author    = {Leslie Lamport},
  title     = {LaTeX: A Document Preparation System},
  year      = {1994},
  edition   = {2nd},
  publisher = {Addison-Wesley},
  address   = {Boston, MA},
  isbn      = {978-0201529838}
}

@book{mittelbach2004latex,
  author    = {Frank Mittelbach and Michel Goossens and Johannes Braams and David Carlisle and Chris Rowley},
  title     = {The LaTeX Companion},
  year      = {2004},
  edition   = {2nd},
  publisher = {Addison-Wesley},
  address   = {Boston, MA},
  isbn      = {978-0201362992}
}

@book{knuth1986texbook,
  author    = {Donald E. Knuth},
  title     = {The TeXbook},
  year      = {1986},
  publisher = {Addison-Wesley},
  address   = {Reading, MA},
  isbn      = {978-0201134483}
}

@article{beeton2003history,
  author    = {Barbara Beeton},
  title     = {The history of TeX and LaTeX},
  journal   = {TUGboat},
  volume    = {24},
  number    = {1},
  pages     = {11--24},
  year      = {2003},
  publisher = {TeX Users Group}
}

@manual{texlive2023,
  author    = {TeX Users Group},
  title     = {TeX Live - Official Manual},
  year      = {2023},
  note      = {Available at \url{https://www.tug.org/texlive/}},
  organization = {TeX Users Group}
}